@article{Ouellet2016,
author = {Ouellet, V. and Vasseur, E. and Heuwieser, W. and Burfeind, O. and Maldague, X. and Charbonneau},
doi = {10.3168/jds.2015-10057},
issn = {15253198},
journal = {Journal of Dairy Science},
keywords = {Calving indicator,Dairy cow,Onset of calving,Test performance},
number = {2},
pages = {1539--1548},
title = {{Evaluation of calving indicators measured by automated monitoring devices to predict the onset of calving in Holstein dairy cows}},
volume = {99},
year = {2016}
}
@misc{Swissgenetics,
author = {Swissgenetics},
title = {die-fruchtbare-kuh.ch},
url = {die-fruchtbare-kuh.ch},
urldate = {2020-03-06}
}
@misc{Muller2019,
author = {M{\"{u}}ller, Peter},
title = {{Pers{\"{o}}nliche Kommunikation Sommer 2019}},
year = {2019}
}
@article{Stefan2003,
address = {T{\"{a}}nikon,},
author = {Stefan, Mann and Mante, Juliane and Pfefferli, Stephan},
institution = {Eidgen{\"{o}}ssische Forschungsanstalt f{\"{u}}r Agrarwirtschaft und Landtechnik},
title = {{Der agrarstrukturelle Wandel in der Schweiz}},
year = {2003}
}
@misc{Kohler2020,
author = {Kohler, Samuel},
title = {{Interview 19.3.2020}},
year = {2020}
}
@book{FernandezVillan2019,
address = {Birmingham},
author = {{Fern{\'{a}}ndez Vill{\'{a}}n}, Alberto},
isbn = {9781789344912},
publisher = {Packt Publishing},
title = {{Mastering OpenCV 4 with Python}},
year = {2019}
}
@article{Saint-Dizier2015,
author = {Saint-Dizier, Marie and Chastant-Maillard, Sylvie},
doi = {10.1016/j.tvjl.2015.05.006},
issn = {15322971},
journal = {Veterinary Journal},
keywords = {Behaviour,Cattle,Dystocia,Parturition,Prediction},
number = {3},
pages = {349--356},
publisher = {Elsevier Ltd},
title = {{Methods and on-farm devices to predict calving time in cattle}},
url = {http://dx.doi.org/10.1016/j.tvjl.2015.05.006},
volume = {205},
year = {2015}
}
@book{Firouzi2020,
author = {Firouzi, Farshad and Chakrabarty, Krishnendu and Nassif, Sani and Device, From},
booktitle = {Intelligent Internet of Things},
doi = {10.1007/978-3-030-30367-9},
file = {:C$\backslash$:/Users/domim/OneDrive - Berner Fachhochschule/m{\"{u}}ller6/2{\_}VEA3/Literatur/ioT/low level/2020{\_}Book{\_}IntelligentInternetOfThings.pdf:pdf},
isbn = {9783030303662},
title = {{Intelligent Internet of Things}},
year = {2020}
}
@book{Howse2016,
address = {Birmingham},
author = {Howse, Joseph and Joshi, Prateek and Beyeler, Michael},
isbn = {9781787125490},
publisher = {Packt Publishing},
title = {{OpenCV: Computer Vision Projects with Python}},
year = {2016}
}
@article{Streyl2011,
author = {Streyl, Dominik and Sauter-Louis, Carola and Braunert, Anna and Lange, Dorothee and Weber, Frank and Zerbe, Holm},
doi = {10.4142/jvs.2011.12.2.177},
isbn = {4989218078},
issn = {1229845X},
journal = {Journal of Veterinary Science},
keywords = {Cattle,Forecasting,Parturition,Progesterone},
number = {2},
pages = {177--186},
title = {{Establishment of a standard operating procedure for predicting the time of calving in cattle}},
volume = {12},
year = {2011}
}
@article{Lange2017,
author = {Lange, K. and Fischer-Tenhagen, C. and Heuwieser, W.},
doi = {10.3168/jds.2016-12024},
issn = {15253198},
journal = {Journal of Dairy Science},
keywords = {calving,dystocia,prediction,sign of parturition},
number = {6},
pages = {10},
publisher = {American Dairy Science Association},
title = {{Predicting stage 2 of calving in Holstein-Friesian heifers}},
url = {Friu},
volume = {100},
year = {2017}
}
@techreport{Traulsen2013,
address = {Ingelheim am Rhein},
author = {Traulsen, Katharina and Tischer, Marion},
institution = {Boehringer Ingelheim Vetmedica GmbH},
title = {{Geburts{\"{u}}berwachung und Geburtshilfe beim Rind}},
url = {https://www.vetmedica.de/2013-01-metacam-geburtshilfebroschuere-561.pdfx},
year = {2013}
}
@misc{Hirsbrunner2020,
author = {Hirsbrunner, Gaby},
title = {{Interview 2.4.2020}},
year = {2020}
}
@article{Burfeind2011,
author = {Burfeind, O. and Suthar, V. S. and Voigtsberger, R. and Bonk, S. and Heuwieser, W.},
doi = {10.3168/jds.2011-4484},
issn = {00220302},
journal = {Journal of Dairy Science},
keywords = {Body temperature,Dairy cow,Parturition,Test performance},
number = {10},
pages = {5053--5061},
publisher = {Elsevier},
title = {{Validity of prepartum changes in vaginal and rectal temperature to predict calving in dairy cows}},
url = {http://dx.doi.org/10.3168/jds.2011-4484},
volume = {94},
year = {2011}
}
@misc{Muller2020,
author = {M{\"{u}}ller, Peter},
keywords = {Muller2020},
title = {{Pers{\"{o}}nliche Kommunikation 20. Februar 2020}},
year = {2020}
}
@misc{Muller2020a,
author = {M{\"{u}}ller, Peter},
title = {{Nachbesprechung vom 2.4.2020}},
year = {2020}
}
@misc{Muller2020b,
author = {M{\"{u}}ller, P.},
title = {{Nachbesprechung vom 1.5.2020}},
year = {2020}
}
@book{Gevorgyan,
author = {Gevorgyan, Menua},
isbn = {9781789801811},
title = {{OpenCV 4 with}}
}
@book{Uml-modellierung2012,
address = {N{\"{u}}rnberg},
author = {Rupp, Chris and Stefan, Queins and Sophisten, Die},
edition = {4},
isbn = {9783446430570},
pages = {584},
publisher = {Carl Hanser Verlag M{\"{u}}nchen},
title = {{UML 2 glasklar}},
year = {2012}
}
@article{Pahl2014,
author = {Pahl, Christian and Hartung, Eberhard and Grothmann, Anne and Mahlkow-Nerge, Katrin and Haeussermann, Angelika},
doi = {10.3168/jds.2014-8194},
issn = {15253198},
journal = {Journal of Dairy Science},
keywords = {Boli,Calving,Jaw movement,Rumination behavior,Sensor},
number = {11},
pages = {3--7},
publisher = {Elsevier},
title = {{Rumination activity of dairy cows in the 24 hours before and after calving}},
url = {http://dx.doi.org/10.3168/jds.2014-8194},
volume = {97},
year = {2014}
}
@misc{Hofer,
address = {Z{\"{u}}rich},
author = {Hofer, Thomas},
institution = {Statistisches Amt des Kantons Z{\"{u}}rich},
title = {{Strukturwandel in der Z{\"{u}}rcher Landwirtschaft}},
year = {2010}
}
@misc{Unbekannta,
author = {Agrarbericht.ch},
title = {www.agrarbericht.ch},
url = {https://agrarbericht.ch/de/betrieb/strukturen/betriebe?highlight=gr{\"{o}}ssenklasse},
urldate = {2019-12-02}
}
